<?xml version='1.0' encoding='utf-8'?>
<record xmlns="http://www.loc.gov/MARC21/slim" xmlns:xsi="http://www.w3.org/2001/XMLSchema-instance" xsi:schemaLocation="http://www.loc.gov/MARC21/slim http://www.loc.gov/standards/marcxml/schema/MARC21slim.xsd">
  <leader>00000nia  2200313 a 4500</leader>
  <controlfield tag="005">20070529105419.0</controlfield>
  <controlfield tag="008">951118s1963    nyunnn|             eng d</controlfield>
  <datafield tag="035" ind1=" " ind2=" ">
    <subfield code="a">(OCoLC)84275951</subfield>
  </datafield>
  <datafield tag="040" ind1=" " ind2=" ">
    <subfield code="a">MiU-H</subfield>
    <subfield code="c">MiU-H</subfield>
  </datafield>
  <datafield tag="110" ind1="2" ind2=" ">
    <subfield code="a">Esquire, inc.</subfield>
  </datafield>
  <datafield tag="245" ind1="0" ind2="0">
    <subfield code="a">Esquire, inc. sound recording.</subfield>
  </datafield>
  <datafield tag="260" ind1=" " ind2=" ">
    <subfield code="c">[1963?]</subfield>
  </datafield>
  <datafield tag="300" ind1=" " ind2=" ">
    <subfield code="a">1 sound tape reel :</subfield>
    <subfield code="b">3 3/4 ips ;</subfield>
    <subfield code="c">7 in.</subfield>
  </datafield>
  <datafield tag="520" ind1=" " ind2=" ">
    <subfield code="a">Recording of literary conversation between William Styron and James Jones.</subfield>
  </datafield>
  <datafield tag="555" ind1="0" ind2=" ">
    <subfield code="a">Finding aid in the library.</subfield>
  </datafield>
  <datafield tag="555" ind1="0" ind2=" ">
    <subfield code="a">Finding aid available via World Wide Web at URL: http://quod.lib.umich.edu/cgi/f/findaid/findaid-idx?c=bhlead&amp;idno=umich-bhl-85177</subfield>
  </datafield>
  <datafield tag="500" ind1=" " ind2=" ">
    <subfield code="a">Donor: 6153</subfield>
  </datafield>
  <datafield tag="580" ind1=" " ind2=" ">
    <subfield code="a">Forms part of Esquire, inc. Esquire, inc. records, 1933-1977.</subfield>
  </datafield>
  <datafield tag="610" ind1="2" ind2="0">
    <subfield code="a">Esquire, inc.</subfield>
  </datafield>
  <datafield tag="650" ind1=" " ind2="0">
    <subfield code="a">Authors, American.</subfield>
  </datafield>
  <datafield tag="655" ind1=" " ind2="7">
    <subfield code="a">Sound recordings.</subfield>
    <subfield code="2">aat</subfield>
  </datafield>
  <datafield tag="700" ind1="1" ind2=" ">
    <subfield code="a">Jones, James,</subfield>
    <subfield code="d">1921-1977.</subfield>
  </datafield>
  <datafield tag="700" ind1="1" ind2=" ">
    <subfield code="a">Styron, William,</subfield>
    <subfield code="d">1925-2006.</subfield>
  </datafield>
  <datafield tag="852" ind1=" " ind2=" ">
    <subfield code="b">Bentley Historical Library,</subfield>
    <subfield code="a">University of Michigan,</subfield>
    <subfield code="e">Ann Arbor, Michigan 48109-2113</subfield>
  </datafield>
  <datafield tag="856" ind1="4" ind2="2">
    <subfield code="3">Finding aid:</subfield>
    <subfield code="u">http://quod.lib.umich.edu/cgi/f/findaid/findaid-idx?c=bhlead&amp;idno=umich-bhl-85177</subfield>
  </datafield>
  <datafield tag="998" ind1=" " ind2=" ">
    <subfield code="c">TEP</subfield>
  </datafield>
</record>
